:20:STMT20260411001
:25:IL620108000000012345678
:28C:00072/001
:60F:C260401ILS100000,00
:61:2604020402D3200,50N001REF002
:86:Supplier Payment Stone Works Ltd
:61:2604030403D15750,00N001REF003
:86:Payroll April Salaries
:61:2604050405C45000,00N001REF004
:86:Customer Receipt Ramat Gan Project
:61:2604070407D1250,75N001REF005
:86:Electricity Bill Payment
:61:2604090409D8900,00N001REF006
:86:Construction Materials Purchase
:61:2604100410C5670,25N001REF007
:86:VAT Refund from Tax Authority
:61:2604120412D2100,00N001REF008
:86:Municipal Tax Payment
:61:2604130413C22500,00N001REF009
:86:Client Transfer Construction Co
:61:2604140414D45,00N001REF010
:86:Monthly Account Fee
:62F:C260414ILS141924,00
-
