<?xml version="1.0" encoding="UTF-8"?>
<Document xmlns="urn:iso:std:iso:20022:tech:xsd:camt.053.001.08">
  <BkToCstmrStmt>
    <GrpHdr>
      <MsgId>CAMT053-20260414-0001</MsgId>
      <CreDtTm>2026-04-14T23:59:59</CreDtTm>
    </GrpHdr>
    <Stmt>
      <Id>STMT-0001</Id>
      <Acct>
        <Id>
          <IBAN>DE89370400440532013000</IBAN>
        </Id>
        <Ccy>EUR</Ccy>
      </Acct>
      <Bal>
        <Tp><CdOrPrtry><Cd>OPBD</Cd></CdOrPrtry></Tp>
        <Amt Ccy="EUR">10000.00</Amt>
        <CdtDbtInd>CRDT</CdtDbtInd>
        <Dt><Dt>2026-04-01</Dt></Dt>
      </Bal>
      <Ntry>
        <Amt Ccy="EUR">2500.00</Amt>
        <CdtDbtInd>CRDT</CdtDbtInd>
        <Sts><Cd>BOOK</Cd></Sts>
        <BookgDt><Dt>2026-04-02</Dt></BookgDt>
        <ValDt><Dt>2026-04-02</Dt></ValDt>
        <AcctSvcrRef>ACSR-0001</AcctSvcrRef>
        <NtryDtls>
          <TxDtls>
            <Refs>
              <EndToEndId>E2E-0001</EndToEndId>
            </Refs>
            <RltdPties>
              <Dbtr>
                <Nm>Acme GmbH</Nm>
              </Dbtr>
              <DbtrAcct>
                <Id><IBAN>DE02300606010002222222</IBAN></Id>
              </DbtrAcct>
            </RltdPties>
            <RmtInf>
              <Ustrd>Invoice INV-2026-045 payment</Ustrd>
            </RmtInf>
          </TxDtls>
        </NtryDtls>
      </Ntry>
      <Ntry>
        <Amt Ccy="EUR">1234.56</Amt>
        <CdtDbtInd>DBIT</CdtDbtInd>
        <Sts><Cd>BOOK</Cd></Sts>
        <BookgDt><Dt>2026-04-05</Dt></BookgDt>
        <ValDt><Dt>2026-04-05</Dt></ValDt>
        <AcctSvcrRef>ACSR-0002</AcctSvcrRef>
        <NtryDtls>
          <TxDtls>
            <Refs>
              <EndToEndId>E2E-0002</EndToEndId>
            </Refs>
            <RltdPties>
              <Cdtr>
                <Nm>Stone Works Ltd</Nm>
              </Cdtr>
              <CdtrAcct>
                <Id><IBAN>DE44500105175407324931</IBAN></Id>
              </CdtrAcct>
            </RltdPties>
            <RmtInf>
              <Ustrd>Supplier payment — stone slabs</Ustrd>
            </RmtInf>
          </TxDtls>
        </NtryDtls>
      </Ntry>
      <Ntry>
        <Amt Ccy="EUR">42.00</Amt>
        <CdtDbtInd>DBIT</CdtDbtInd>
        <Sts><Cd>BOOK</Cd></Sts>
        <BookgDt><Dt>2026-04-14</Dt></BookgDt>
        <ValDt><Dt>2026-04-14</Dt></ValDt>
        <AcctSvcrRef>ACSR-0003</AcctSvcrRef>
        <AddtlNtryInf>Monthly account fee</AddtlNtryInf>
      </Ntry>
      <Bal>
        <Tp><CdOrPrtry><Cd>CLBD</Cd></CdOrPrtry></Tp>
        <Amt Ccy="EUR">11223.44</Amt>
        <CdtDbtInd>CRDT</CdtDbtInd>
        <Dt><Dt>2026-04-14</Dt></Dt>
      </Bal>
    </Stmt>
  </BkToCstmrStmt>
</Document>
